<record><leader>00000cas a2200000   4500</leader><controlfield tag="001">4545058</controlfield><controlfield tag="008">790112d19421945utuzx ne      0    1eng d</controlfield><controlfield tag="009">99</controlfield><datafield ind1=" " ind2=" " tag="010"><subfield code="a">sn2007058104</subfield></datafield><datafield ind1=" " ind2=" " tag="040"><subfield code="a">YUS</subfield><subfield code="b">eng</subfield><subfield code="c">YUS</subfield><subfield code="d">OCL</subfield><subfield code="d">DLC</subfield><subfield code="d">CUS</subfield></datafield><datafield ind1="0" ind2=" " tag="041"><subfield code="a">engjpn</subfield></datafield><datafield ind1=" " ind2="4" tag="050"><subfield code="a">D769.8.A6</subfield><subfield code="b">J37 1970z reels 19-20</subfield></datafield><datafield ind1="0" ind2="0" tag="245"><subfield code="a">Topaz times.</subfield></datafield><datafield ind1="1" ind2="0" tag="247"><subfield code="a">Topaz, jewell [sic.]  of the desert,</subfield><subfield code="f">Pre-issue no. 1, Sept. 1942.</subfield></datafield><datafield ind1=" " ind2=" " tag="260"><subfield code="a">Topaz, Utah.</subfield></datafield><datafield ind1=" " ind2=" " tag="300"><subfield code="a">12 v. 33-36 cm.</subfield></datafield><datafield ind1=" " ind2=" " tag="310"><subfield code="a">Frequency varies.</subfield></datafield><datafield ind1="0" ind2=" " tag="362"><subfield code="a">v. 1-12, no. 9: Oct. 27, 1942-Aug. 31, 1945.</subfield></datafield><datafield ind1="0" ind2=" " tag="490"><subfield code="a">Japanese camp papers</subfield></datafield><datafield ind1=" " ind2=" " tag="515"><subfield code="a">Preliminary issues called pre-issues nos.  1-10 were issued Sept. 17-oct. 24, 1942.</subfield></datafield><datafield ind1=" " ind2=" " tag="530"><subfield code="a">Also available on microfilm from the Library of Congress, Photoduplication Service.</subfield></datafield><datafield ind1=" " ind2=" " tag="546"><subfield code="a">English and Japanese.</subfield></datafield><datafield ind1=" " ind2=" " tag="550"><subfield code="a">Published at the Central Utah Relocation Center at Topaz established by the War Relocation Authority for civilians of Japanese ancestry.</subfield></datafield><datafield ind1="2" ind2="0" tag="610"><subfield code="a">Central Utah Relocation Center</subfield><subfield code="v">Newspapers.</subfield></datafield><datafield ind1=" " ind2="0" tag="650"><subfield code="a">Japanese Americans</subfield><subfield code="z">Utah</subfield><subfield code="x">Evacuation and relocation, 1942-1945</subfield><subfield code="v">Newspapers.</subfield></datafield><datafield ind1=" " ind2="0" tag="651"><subfield code="a">Topaz (Utah)</subfield><subfield code="v">Newspapers.</subfield></datafield><datafield ind1="2" ind2=" " tag="710"><subfield code="a">Central Utah Relocation Center.</subfield></datafield><datafield ind1=" " ind2=" " tag="752"><subfield code="a">United States</subfield><subfield code="b">Utah</subfield><subfield code="d">Topaz</subfield></datafield><datafield ind1="0" ind2=" " tag="760"><subfield code="t">Japanese camp papers</subfield></datafield><datafield ind1=" " ind2=" " tag="936"><subfield code="a">Oct. 27, 1942-Aug. 31, 1945</subfield></datafield></record>